<record><leader>00000cas a22000007a 4500</leader><controlfield tag="001">15264672</controlfield><controlfield tag="008">870304u1979uuuupaucr ne      0    0eng d</controlfield><datafield ind1=" " ind2=" " tag="010"><subfield code="a">sn 87080101 </subfield></datafield><datafield ind1=" " ind2=" " tag="040"><subfield code="a">NPH</subfield><subfield code="b">eng</subfield><subfield code="c">NPH</subfield><subfield code="d">PHA</subfield><subfield code="d">OCLCQ</subfield><subfield code="d">UPM</subfield><subfield code="d">OCLCF</subfield></datafield><datafield ind1=" " ind2=" " tag="019"><subfield code="a">53367819</subfield></datafield><datafield ind1="1" ind2=" " tag="029"><subfield code="a">AU@</subfield><subfield code="b">000025811074</subfield></datafield><datafield ind1=" " ind2=" " tag="042"><subfield code="a">msc</subfield></datafield><datafield ind1="0" ind2="4" tag="245"><subfield code="a">The New age-examiner.</subfield></datafield><datafield ind1=" " ind2=" " tag="260"><subfield code="a">Tunkhannock, Pa. :</subfield><subfield code="b">Wyoming County Press,</subfield><subfield code="c">1979-</subfield></datafield><datafield ind1=" " ind2=" " tag="300"><subfield code="a">v. :</subfield><subfield code="b">ill. ;</subfield><subfield code="c">57 cm.</subfield></datafield><datafield ind1=" " ind2=" " tag="310"><subfield code="a">Semiweekly,</subfield><subfield code="b">&lt;1987&gt;</subfield></datafield><datafield ind1=" " ind2=" " tag="321"><subfield code="a">Weekly,</subfield><subfield code="b">1979-</subfield></datafield><datafield ind1="0" ind2=" " tag="362"><subfield code="a">110th year, no. 1 (Jan. 11, 1979)-</subfield></datafield><datafield ind1=" " ind2=" " tag="500"><subfield code="a">Editor: James W. Dillon.</subfield></datafield><datafield ind1=" " ind2="0" tag="651"><subfield code="a">Tunkhannock (Pa.)</subfield><subfield code="v">Newspapers.</subfield></datafield><datafield ind1=" " ind2="7" tag="655"><subfield code="a">Newspapers.</subfield><subfield code="2">fast</subfield><subfield code="0">(OCoLC)fst01423814</subfield></datafield><datafield ind1=" " ind2="7" tag="651"><subfield code="a">Pennsylvania</subfield><subfield code="z">Tunkhannock.</subfield><subfield code="2">fast</subfield><subfield code="0">(OCoLC)fst01229004</subfield></datafield><datafield ind1=" " ind2=" " tag="752"><subfield code="a">United States</subfield><subfield code="b">Pennsylvania</subfield><subfield code="c">Wyoming</subfield><subfield code="d">Tunkhannock.</subfield></datafield><datafield ind1="0" ind2="4" tag="780"><subfield code="t">Tunkhannock new age</subfield><subfield code="w">(DLC)sn 87080113</subfield></datafield><datafield ind1="0" ind2="4" tag="780"><subfield code="t">Nicholson trail examiner</subfield><subfield code="w">(DLC)sn 87080104</subfield></datafield><datafield ind1="4" ind2="1" tag="856"><subfield code="u">http://www.newage-examiner.com</subfield></datafield></record>